@manual{anleitung,
  author = {TU Dortmund},
  title = {Anleitung zum Franck-Hertz-Versuch V601},
  year = 2014
}
@online{anregungsenergie,
  author = {J. Franck und G. Hertz},
  title = {Über Zusammenstöße zwischen Elektronen und den Molekülen des Quecksilberdampfes und die Ionisierungsspannung desselben},
  url = {https://onlinelibrary.wiley.com/doi/epdf/10.1002/phbl.19670230702},
}