@manual{anleitung,
  author = {TU Dortmund},
  title = {V406 - Beugung am Spalt},
  year = 2014
}
