@manual{anleitung,
  author = {TU Dortmund},
  title = {Anleitung zum Versuch 702},
  year = 2014
}
@manual{anleitung603,
  author = {TU Dortmund},
  title = {Anleitung zum Versuch 603},
  site = 4, 
  year = 2014,
}