@manual{anleitung,
  author = {TU Dortmund},
  title = {V204 - WÃ¤rmeleitung von Metallen},
  year = 2014
}
