@manual{anleitung,
  author = {TU Dortmund},
  title = {Versuch 354: Ged√§mpfte und erzwungene Schwingungen},
  year = 2014
}
@manual{anleitung_rc,
  author = {TU Dortmund},
  title = {Versuch 353: Das Relaxationsverhalten eines RC-Kreises},
  year = 2014
}