@manual{anleitung,
  author = {TU Dortmund},
  title = {V101 - Tr√§gheitsmoment},
  year = 2014
}
@online{holz,
  title = {Rohdichte des Holzes},
  url = {holzvomfach.de},
  urldate = {06.01.2020}
}
