@manual{anleitung,
  author = {TU Dortmund},
  title = {Versuchsanleitung zum Versuch V603: Compton-Effekt},
  year = 2014
}

@online{compton,
  autor="NIST",
  title="Compton wavelength",
  url="https://physics.nist.gov/cgi-bin/cuu/Value?ecomwl",
  urldate="2020-05-03",
}

@online{roentgen,
  title="RÃ¶ntgen-Diffraktometrie",
  url="https://www.chemie-biologie.uni-siegen.de/ac/be/lehre/ws1112/roentgen-pulverdiffraktometrie_(xrpd).pdf",
  urldate="2020-05-03",
}
