@manual{sample,
  author = {TU Dortmund},
  title = {Versuch zum Literaturverzeichnis},
  year = 2014
}
@book{demtroeder,
  title = 'Experimentalphysik 2',
  subtitle = 'Das Magnetfeld eines Helmholtz-Spulenpaares',
  author = 'Wolfgang Demtr√∂der',
  edition = '7',
  year = '2017',
  publisher = 'Springer-Verlag GmbH Deutschland',
}