@manual{anleitung,
  author = {TU Dortmund},
  title = {V500 - Der Photoeffekt},
  year = 2014
}
@online{konstanten,
  title = {Fundamentale Physikalische Konstanten - Gesamtliste},
  url = {http://www.uni-due.de}
  }