@manual{anleitung,
  author = {TU Dortmund},
  title = {V703 - Das Geiger-M체ller-Z채hlrohr},
  year = 2014
}
@manual{hinweise,
  author = {TU Dortmund},
  title = {Messdaten und Hinweise zum Versuch "Das Geiger-M체ller-Z채hlrohr"},
  year = 2014
}
@online{konst,
  title = {Fundamentale Physikalische Konstanten - Gesamtliste},
  url = {http://www.uni-due.de}
  }