@manual{anleitung,
  author = {TU Dortmund},
  title = {Anleitung zum Versuch 302},
  year = {2004},
}
