@manual{anleitung,
  author = {TU Dortmund},
  title = {V408 - Geometrische Optik},
  year = 2014
}
