@manual{anleitung,
  author = {TU Dortmund},
  title = {Anleitung zum Versuch 702},
  year = 2014
}
@online{zerfall,
  author = {Thomas Jefferson},
  title = {The Periodic Table of Elements},
  url = {https://education.jlab.org/itselemental}
}