@manual{anleitung,
  author = {TU Dortmund},
  title = {V504 - Thermische Elektronenemission},
  year = 2014
}
@online{konstanten,
  title= {Fundamentale Physikalische Konstanten - Gesamtliste},
  url = {www.uni-due.de}
  }
@book{austrittsarbeit,
  title = {Das Ingenieurwissen 34. Auflage},
  subtitle = {Tabelle 16-6},
  publisher = {Springer Vieweg 2012}
  }