@manual{anleitung,
  author = {TU Dortmund},
  title = {V602 - RÃ¶ntgenemission und -absorption},
  year = 2014
}

@online{konst,
  title = {Fundamentale Physikalische Konstanten - Gesamtliste},
  url = {www.uni-due.de}
  }

@online{k_kante,
  title = {X-ray Absorption Edges},
  url = {skuld.bmsc.washington.edu},
  author = {Ethan A Merritt}
  }

@online{energies,
  title = {X-ray Transition Energies Database},
  url = {physics.nist.gov},
  author = {National Institute of Standards and Technology}
  }