@manual{anleitung,
  author = {TU Dortmund},
  title = {V103 - Biegung elastischer St√§be},
  year = 2014
}
