@manual{anleitung,
  author = {TU Dortmund},
  title = {Anleitung zum Versuch 602},
  year = 2014
}
@online{xray,
  author = {Ethan A. Merritt},
  title = {X-ray Absorption Edges},
  url = "http://skuld.bmsc.washington.edu/scatter/AS_periodic.html",
  urldate = "05-16-2020"
}