@manual{anleitung,
  author = {TU Dortmund},
  title = {Anleitung zum Franck-Hertz-Versuch V601},
  year = 2014
}
