@manual{anleitung,
  author = {TU Dortmund},
  title = {V603 - Compton-Effekt},
  year = 2014
}

@online{klinie,
  title = {Untersuchung der charakteristischen Spektren in Abh√§ngigkeit von der Ordnungszahl des Elements: K-Linien},
  url = {www.ld-didactic.de}
}