@manual{anleitung,
  author = {TU Dortmund},
  title = {Anleitung zum Versuch 702},
  year = 2014
}
