@manual{anleitung,
  author = {TU Dortmund},
  title = {Das Relaxationsverhalten eines RC-Kreises V353},
  year = 2014
}
