@manual{anleitung,
  author = {TU Dortmund},
  title = {US3 - Doppler-Sonographie},
  year = 2014
}
