@manual{anleitung,
  author = {TU Dortmund},
  title = {V201 - Das Dulong Petitsche Gesetz},
  year = 2014
}

@manual{konstanten,
  title = "Wärmekapazität von Metallen",
  url = "https://www.schweizer-fn.de/stoff/wkapazitaet/wkapazitaet_metall.php",
  urldate = "2020-01-20",
  }